@BOOK{deeplearning,
    TITLE = {Deep Learning},
    AUTHOR = {Goodfellow, Ian and Bengio, Yoshua and Courville, Aaron},
    PUBLISHER = {MIT Press},
    NOTE = {\url{http://www.deeplearningbook.org}},
    YEAR = {2016}
}

@BOOK{haykin,
    TITLE = {Neural Networks: A Comprehensive Foundation},
    AUTHOR = {Haykin, Simon},
    PUBLISHER = {Prentice Hall},
    YEAR = {1999}
}

@BOOK{mitchell,
    TITLE = {Machine learning},
    AUTHOR = {Mitchell, Tom M.},
    PUBLISHER = {McGraw-Hill},
    YEAR = {1997}
}
